<?xml version="1.0" encoding="UTF-8"?>
<record xmlns="http://www.loc.gov/MARC21/slim" xmlns:xsi="http://www.w3.org/2001/XMLSchema-instance" xsi:schemaLocation="http://www.loc.gov/MARC21/slim http://www.loc.gov/standards/marcxml/schema/MARC21slim.xsd">
<leader>     nam a2200301 a 4500</leader>
<controlfield tag="001">001667650</controlfield>
<controlfield tag="003">NNU</controlfield>
<controlfield tag="005">20070508094100.0</controlfield>
<controlfield tag="008">001106s1961    sy       b    000 0 ara d</controlfield>
<datafield tag="035" ind1="9" ind2=" ">
<subfield code="a">NYUb12208245</subfield>
</datafield>
<datafield tag="035" ind1=" " ind2=" ">
<subfield code="a">(CStRLIN)NYUG00-B3803</subfield>
</datafield>
<datafield tag="040" ind1=" " ind2=" ">
<subfield code="a">MBMU</subfield>
<subfield code="c">MBMU</subfield>
<subfield code="d">UaCaAUL</subfield>
<subfield code="d">NNU</subfield>
</datafield>
<datafield tag="050" ind1=" " ind2="4">
<subfield code="a">BP189</subfield>
<subfield code="b">.I35 1961</subfield>
</datafield>
<datafield tag="066" ind1=" " ind2=" ">
<subfield code="c">(3</subfield>
</datafield>
<datafield tag="090" ind1=" " ind2=" ">
<subfield code="a">BP189</subfield>
<subfield code="b">.I35 1961</subfield>
</datafield>
<datafield tag="100" ind1="1" ind2=" ">
<subfield code="a">Ibn Qudāmah, Muwaffaq al-Dīn ʻAbd Allāh ibn Aḥmad,</subfield>
<subfield code="d">1147-1223</subfield>
<subfield code="6">880-01</subfield>
</datafield>
<datafield tag="245" ind1="1" ind2="0">
<subfield code="6">880-02</subfield>
<subfield code="a">Kitāb al-tawwābīn /</subfield>
<subfield code="c">taʼlīf Abī Muḥammad ʻAbd Allāh ibn Aḥmad ibn Muḥammad Muwaffaq al-Dīn ibn Qudāmah al-Maqdisī ; ʻuniya bi-nashrihi wa-taḥqīqih Jūrj al-Maqdisī.</subfield>
</datafield>
<datafield tag="246" ind1="1" ind2="4">
<subfield code="a">Kitāb at-tauwābīn</subfield>
</datafield>
<datafield tag="246" ind1="1" ind2="4">
<subfield code="a">Livre des pʹenitents</subfield>
</datafield>
<datafield tag="260" ind1=" " ind2=" ">
<subfield code="6">880-03</subfield>
<subfield code="a">Dimashq :</subfield>
<subfield code="b">al-Maʻhad al-Firinsī lil-Dirāsāt al-ʻArabīyah,</subfield>
<subfield code="c">1961.</subfield>
</datafield>
<datafield tag="300" ind1=" " ind2=" ">
<subfield code="a">lxviii, 338 p. ;</subfield>
<subfield code="c">25 cm.</subfield>
</datafield>
<datafield tag="500" ind1=" " ind2=" ">
<subfield code="a">Introduction in French.</subfield>
</datafield>
<datafield tag="650" ind1=" " ind2="0">
<subfield code="a">Mysticism</subfield>
<subfield code="x">Islam.</subfield>
</datafield>
<datafield tag="650" ind1=" " ind2="0">
<subfield code="a">Religious life</subfield>
<subfield code="x">Islam.</subfield>
</datafield>
<datafield tag="700" ind1="1" ind2=" ">
<subfield code="a">Makdisi, George</subfield>
<subfield code="6">880-04</subfield>
</datafield>
<datafield tag="880" ind1="1" ind2=" ">
<subfield code="6">100-01/</subfield>
<subfield code="a">ابن قدامة، موفق الدين عبد الله بن أحمد،</subfield>
<subfield code="d">1147-1223.</subfield>
</datafield>
<datafield tag="880" ind1="1" ind2="0">
<subfield code="6">245-02/</subfield>
<subfield code="a">كتاب التوابين /</subfield>
<subfield code="c">تأليف أبي محمد عبد الله بن أحمد بن محمد موفق الدين بن قدامة المقدسي ؛ عنى بنشره وتحقيقه جورج المقدسي.</subfield>
</datafield>
<datafield tag="880" ind1=" " ind2=" ">
<subfield code="6">260-03/</subfield>
<subfield code="a">دمشق :</subfield>
<subfield code="b">المعهد الفرنسي للدراسات العربية،</subfield>
<subfield code="c">1961.</subfield>
</datafield>
<datafield tag="880" ind1="1" ind2=" ">
<subfield code="6">700-04/</subfield>
<subfield code="a">مقدسي، جورج.</subfield>
</datafield>
<datafield tag="OWN" ind1=" " ind2=" ">
<subfield code="a">GENERAL</subfield>
</datafield>
<datafield tag="AVA" ind1=" " ind2=" ">
<subfield code="a">NYU50</subfield>
<subfield code="b">BOBST</subfield>
<subfield code="c">Main Collection</subfield>
<subfield code="d">BP189 .I35 1961</subfield>
<subfield code="e">unavailable</subfield>
<subfield code="t">Unavailable</subfield>
<subfield code="f">1</subfield>
<subfield code="g">1</subfield>
<subfield code="h">N</subfield>
<subfield code="i">0</subfield>
<subfield code="j">MAIN</subfield>
<subfield code="k">0</subfield>
</datafield>
</record>
